@inproceedings{sun1998operational,
  title={Operational transformation in real-time group editors: issues, algorithms, and achievements},
  author={Sun, Chengzheng and Ellis, Clarence},
  booktitle={Proceedings of the 1998 ACM conference on Computer supported cooperative work},
  pages={59--68},
  year={1998},
  organization={ACM}
}

@misc {sharejs,
  author = "Joseph Gentle",
  title = "ShareJS â€“ Live concurrent editing in your app",
  url = "http://sharejs.org/"
}

@misc {gohttp,
  author = {Google, Inc.},
  title  = {http - The Go Programming Language},
  url    = "http://golang.org/pkg/net/http/"
}